<record><leader>00000cas a22000007a 4500</leader><controlfield tag="001">13512823</controlfield><controlfield tag="008">860430d18uu18uumouir ne      0    0eng d</controlfield><datafield ind1=" " ind2=" " tag="010"><subfield code="a">sn 86079145 </subfield></datafield><datafield ind1=" " ind2=" " tag="040"><subfield code="a">NPU</subfield><subfield code="b">eng</subfield><subfield code="c">NPU</subfield><subfield code="d">MQN</subfield><subfield code="d">OCLCQ</subfield></datafield><datafield ind1=" " ind2=" " tag="042"><subfield code="a">msc</subfield></datafield><datafield ind1="0" ind2=" " tag="130"><subfield code="a">Tri-weekly journal of commerce (Kansas City, Mo. : 1873)</subfield></datafield><datafield ind1="1" ind2="0" tag="245"><subfield code="a">Tri-weekly journal of commerce.</subfield></datafield><datafield ind1="3" ind2="0" tag="246"><subfield code="a">Triweekly journal of commerce</subfield></datafield><datafield ind1="1" ind2="7" tag="246"><subfield code="a">Kansas City journal of commerce</subfield></datafield><datafield ind1=" " ind2=" " tag="260"><subfield code="a">Kansas City, Mo. :</subfield><subfield code="b">Journal Co.</subfield></datafield><datafield ind1=" " ind2=" " tag="310"><subfield code="a">Triweekly</subfield></datafield><datafield ind1=" " ind2=" " tag="515"><subfield code="a">Numbering is irregular.</subfield></datafield><datafield ind1=" " ind2=" " tag="580"><subfield code="a">Also published in daily and weekly eds.</subfield></datafield><datafield ind1=" " ind2=" " tag="588"><subfield code="a">Description based on: Vol. 16, no. 131 (June 1, 1873).</subfield></datafield><datafield ind1=" " ind2=" " tag="752"><subfield code="a">United States</subfield><subfield code="b">Missouri</subfield><subfield code="c">Jackson</subfield><subfield code="d">Kansas City.</subfield></datafield><datafield ind1="1" ind2=" " tag="775"><subfield code="t">Daily journal of commerce (Kansas City, Mo. : 1867)</subfield><subfield code="w">(DLC)sn 84020116</subfield></datafield><datafield ind1="1" ind2=" " tag="775"><subfield code="t">Weekly journal of commerce (Kansas City, Mo.)</subfield><subfield code="w">(DLC)sn 86063611</subfield></datafield></record>